@INPROCEEDINGS{vikhar16,
	author={P. A. {Vikhar}},
	booktitle={2016 International Conference on Global Trends in Signal Processing, Information Computing and Communication (ICGTSPICC)},
	title={Evolutionary algorithms: A critical review and its future prospects},
	year={2016},
	volume={},
	number={},
	pages={261-265},
	keywords={genetic algorithms;search problems;evolutionary algorithms;evolutionary computations;heuristics based search method;problem solving method;global optimization problems;genetic programming;genetic algorithm;evolutionary programming;evolution strategies;memetic algorithms;distributed EA;Evolutionary computation;Genetic algorithms;Optimization;Sociology;Statistics;Programming;Genetic programming;Evolutionary Computations;Evolutionary Algorithm;Memetic Algorithms;Distributed EAs},
	doi={10.1109/ICGTSPICC.2016.7955308},
	ISSN={null},
	month={Dec},}
@article{pukhkaiev19,
	title={Parameter Tuning for Self-optimizing Software at Scale},
	author={Pukhkaiev, Dmytro and A{\ss}mann, Uwe},
	journal={arXiv preprint arXiv:1909.03814},
	year={2019}
}
@phdthesis{gotz13,
	title={Multi-Quality Auto-Tuning by Contract Negotiation},
	author={G{\"o}tz, Sebastian},
	year={2013},
	school={Saechsische Landesbibliothek-Staats-und Universitaetsbibliothek Dresden}
}
@inproceedings{gotz10,
	author = {GÃ¶tz, Sebastian and Wilke, Claas and Schmidt, Matthias and Cech, Sebastian and Assmann, Uwe},
	year = {2010},
	month = {10},
	pages = {},
	title = {Towards Energy Auto Tuning},
	doi = {10.5176/978-981-08-7240-3_G-32}
}
@incollection{gotz12,
	title={Architecture and Mechanisms of Energy Auto-Tuning},
	author={G{\"o}tz, Sebastian and Wilke, Claas and Cech, Sebastian and A{\ss}mann, Uwe},
	booktitle={Sustainable ICTs and Management Systems for Green Computing},
	pages={45--73},
	year={2012},
	publisher={IGI Global}
}
@misc{ahmad18,
	title={A Comparative Study of Genetic Optimization Approaches in Multi-Quality Auto-Tuning},
	author={Ahmad, Jamal},
	year={2018},
	publisher={Master's thesis. Technische Universit{\"a}t Dresden}
}
@inproceedings{gotz18,
	title={Quality-based Software-Selection and Hardware-Mapping as Model Transformation Problem.},
	author={G{\"o}tz, Sebastian and Mey, Johannes and Sch{\"o}ne, Rene and A{\ss}mann, Uwe},
	booktitle={TTC@ STAF},
	pages={3--11},
	year={2018}
}
@article{pukhkaiev19,
	title={Parameter Tuning for Self-optimizing Software at Scale},
	author={Pukhkaiev, Dmytro and A{\ss}mann, Uwe},
	journal={arXiv preprint arXiv:1909.03814},
	year={2019}
}